@incollection{mustermann2021-chapter,
  author    = {Becker, Alice and Müller, Bob},
  title     = {Digitale Transformation in mittelständischen Unternehmen},
  editor    = {Schmidt, Carol and Meyer, Dave and Fischer, Eve},
  booktitle = {Handbook of Digital Business},
  year      = {2021},
  edition   = {2},
  location  = {Berlin and München},
  publisher = {Springer Example Press},
  pages     = {101-120},
}

@article{muster2023-article,
  author       = {Schulz, Frank and Doe, Grace and Hoffmann, Henry},
  title        = {Efficiency Potentials of IoT and Cloud Integration in SMEs},
  journaltitle = {Journal of Digital Business Studies},
  year         = {2023},
  volume       = {45},
  number       = {2},
  pages        = {55-72},
  doi          = {10.1000/example-article-2023}
}

@online{muster2024-online,
  author   = {{Institute for Digital Economy}},
  title    = {Digitalization Report 2024},
  year     = {2024},
  url      = {https://www.example.org/},
  urldate  = {2025-09-24}
}

@book{meier2010a,
  author    = {Meier, Ivan},
  title     = {Introduction to Digital Business Studies},
  year      = {2010a},
  edition   = {3},
  location  = {Frankfurt and Berlin},
  publisher = {Example Publishing House},
  doi       = {10.1000/example-book-a}
}

@book{meier2010b,
  author    = {Meier, Ivan},
  title     = {Introduction to Digital Business Studies},
  year      = {2010b},
  edition   = {5},
  location  = {Frankfurt},
  publisher = {Example Publishing House},
  doi       = {10.1000/example-book-b}
}

@report{muster2025-report,
  author      = {{Example Group}},
  title       = {Digital Logistics Planning: Final Report},
  year        = {2025},
  institution = {Example Group},
  location    = {Stuttgart},
  type        = {Internal Document},
  note        = {Unpublished, available upon request}
}

@standard{iso9001-2015-sample,
  number       = {DIN EN ISO 9001:2015},
  title        = {Quality Management Systems – Requirements},
  year         = {2015},
  location     = {Genf, Schweiz},
  organization = {ISO}
}
